<?xml version="1.0" encoding="UTF-8"?><collection xmlns="http://www.loc.gov/MARC21/slim"><record><leader>00476nam--2200145-i-4500</leader><controlfield tag="001">000019071</controlfield><controlfield tag="002">20161230</controlfield><controlfield tag="005">20161230201033</controlfield><controlfield tag="008">060222s1000------------r-----000-0-eng-d</controlfield><datafield ind1=" " ind2=" " tag="080"><subfield code="a">530.1</subfield></datafield><datafield ind1=" " ind2=" " tag="100"><subfield code="a">Falk, G</subfield></datafield><datafield ind1=" " ind2=" " tag="245"><subfield code="a">Theoretische physik auf der grundlage einer allgemeinen dynamik. band.iia : aufgaben und erganzungen zur allgemeinen dynamik und thermodynamik</subfield></datafield><datafield ind1=" " ind2=" " tag="260"><subfield code="a">Berlin, Springer-verlag, 1968.Vii + 170 P</subfield></datafield><datafield ind1=" " ind2=" " tag="490"><subfield code="a">Heidelberger Tescenbucher</subfield></datafield><datafield ind1=" " ind2=" " tag="852"><subfield code="a">22198</subfield></datafield></record></collection>